@article{SVM_ref,
	author="Steve R. Gunn",
	year="1998",
	title="Support vector machines for classification and regression"
	}